@article{flex, 
author = {Joe Lin and Charley Ho and Wasim Sadiq and Maria E. Orlowska},
title = {On Workflow Enabled e-Learning Services}, 
journal ={Advanced Learning Technologies, IEEE International Conference on},
volume = {0},
isbn = {0-7695-1013-2},
year = {2001},
pages = {0349},
doi = {http://doi.ieeecomputersociety.org/10.1109/ICALT.2001.943942},
publisher = {IEEE Computer Society},
address = {Los Alamitos, CA, USA},}
@misc{ con_high,
title = {Council Highlights},
publisher = {the Secretariat, Council of Ontario Universities},
year = {2005},
pages = {1},
URL = {http://www.cou.on.ca/News/News---Views/Newsletters/PDFs/Council-Highlights-2005May.aspx},
note = {This is an electronic document. Date of publication: May 1, 2005. Date retrieved: Sept 29th, 2010.},
howpublished = "\url{http://www.cou.on.ca/News/News---Views/Newsletters/PDFs/Council-Highlights-2005May.aspx}",
}
@article{Adv,
author={Fung, I.P.W.},
journal={Advanced Learning Technologies, 2001. Proceedings. IEEE International Conference on}, title={On monitoring study progress with time-based course planning},
year={2001},
month={},
volume={},
number={},
pages={361 -364},
keywords={course advisory system;course chart;cyber-campus;learning materials;learning opportunities;project management techniques;student progress monitoring;study management;study plan;study progress;study progress monitoring;time based course planning;time-based information;unnecessary browsing;computerised monitoring;educational administrative data processing;educational courses;information resources;project management;time management;},
doi={10.1109/ICALT.2001.943945},
ISSN={},}
@misc{Act,
author = {Office of the Privacy Commissioner of Canada},
title = {Canada's Personal Information Protection and Electronic Documents Act},
publisher = {OPC Canada},
year = {2003},
URL = {http://www.priv.gc.ca/information/guide_e.cfm},
note = {This is an electronic document. Date of publication: November 20, 2003. Date retrieved: October 4, 2010. Date last modified: [Date unavailable]},
howpublished = "\url{http://www.priv.gc.ca/information/guide_e.cfm}",
}
